% Encoding: UTF-8
@article{grafosucinto,
	title={Uma introdu{\c{c}}{\~a}o sucinta {\`a} teoria dos grafos},
	author={Feofiloff, Paulo and Kohayakawa, Yoshiharu and Wakabayashi, Yoshiko},
	year={2011}
}
@Article{Newman2003,
	author    = {Newman, Mark EJ},
	title     = {The structure and function of complex networks},
	journal   = {SIAM review},
	year      = {2003},
	volume    = {45},
	number    = {2},
	pages     = {167--256},
	abstract  = {Inspired by empirical studies of networked systems such as the Internet, social networks, and biological networks, researchers have in recent years developed a variety of techniques and models to help us understand or predict the behavior of these systems. Here we review developments in this field, including such concepts as the small-world effect, degree distributions, clustering, network correlations, random graph models, models of network growth and preferential attachment, and dynamical processes taking place on networks.Inspired by empirical studies of networked systems such as the Internet, social networks, and biological networks, researchers have in recent years developed a variety of techniques and models to help us understand or predict the behavior of these systems. Here we review developments in this field, including such concepts as the small-world effect, degree distributions, clustering, network correlations, random graph models, models of network growth and preferential attachment, and dynamical processes taking place on networks.},
	comment   = {Otima referencial teorico, para definiçoes e exemplos.},
	publisher = {SIAM},
}

@InProceedings{Antiqueira2005,
	author    = {Antiqueira, Lucas and Nunes, MGV and Oliveira Jr, ON and Costa, Luciano da F},
	title     = {Modelando textos como redes complexas},
	booktitle = {Anais do III Workshop em Tecnologia da Informação e da Linguagem Humana},
	year      = {2005},
	pages     = {22--26},
	abstract  = { Este artigo descreve e discute os resultados de experimentos de
	análise de textos quando estes são modelados como redes complexas. Os
	experimentos indicam que os parâmetros das redes complexas apresentam
	uma evidente correlação com a qualidade de textos e, portanto, são
	potencialmente úteis para distinguir textos bons e ruins. A modelagem em
	redes complexas é independente de língua e simplifica sobremaneira o
	trabalho de análise automática de textos, mostrando-se uma alternativa
	promissora aos métodos linguisticamente motivados. },
	comment   = {A maneira usada pelo autor, das redes complexas é interessante. A maneira que ele prepara os dados antes de jogar na rede complexa também. o unico problema que a unica tecnologia que acho q pode ser aproveitada é isso.},
}

@Article{Albert2002,
	author    = {Albert, Réka and Barabási, Albert-László},
	title     = {Statistical mechanics of complex networks},
	journal   = {Reviews of modern physics},
	year      = {2002},
	volume    = {74},
	number    = {1},
	pages     = {47},
	abstract  = {Complex networks describe a wide range of systems in nature and society. Frequently cited examples include the cell, a network of chemicals linked by chemical reactions, and the Internet, a network of routers and computers connected by physical links. While traditionally these systems have been modeled as random graphs, it is increasingly recognized that the topology and evolution of real networks are governed by robust organizing principles. This article reviews the recent advances in the field of complex networks, focusing on the statistical mechanics of network topology and dynamics. After reviewing the empirical data that motivated the recent interest in networks, the authors discuss the main models and analytical tools, covering random graphs, small-world and scale-free networks, the emerging theory of evolving networks, and the interplay between topology and the network’s robustness against failures and attacks.},
	comment   = {Otimo para referencial teorico sobre redes complexas.},
	publisher = {APS},
}

@PhdThesis{Viana2007,
	author   = {Viana, Matheus Palhares},
	title    = {Metodologia das redes complexas para caracterização do sistema de Havers},
	year     = {2007},
	abstract = {Esta dissertação apresenta um estudo detalhado do sistema de canais do osso cortical dos animais sob o ponto de vista das redes complexas. Este sistema é composto por canais paralelos ao eixo principal do osso e por canais perpendiculares. Estes canais são chamados de canais de Havers e Volkman, respectivamente. Sua principal função é conduzir os vasos sangüíneos responsáveis pela nutrição das células por toda estrutura óssea. O conjunto de canais foi mapeado em uma rede na qual consideramos cada vértice como sendo a intersecção de um ou mais canais e as conexões entre os vértices como os próprios canais. Analisamos as características topológicas desta rede utilizando os conceitos clássicos de redes complexas, como conectividade, coeficiente de clusterização, distribuição do comprimento dos menores caminhos e detecção de comunidades. Também utilizamos uma abordagem hierárquica para algumas destas medidas. Mostramos que a rede do osso cortical é altamente modular, sendo organizada em comunidades bem definidas e espacialmente localizadas, sendo este último fator importante para determinação das características topológicas da comunidade. Os resultados demonstram que a rede Haversiana é similar a outras redes reais, sugerindo um processo natural de otimização durante sua criação. Alguns aspectos dinâmicos também foram estudados através do processo de despercolação. Nós mostramos que as comunidades da rede Haversiana não são igualmente resistentes a perda de conexões. Além disso as comunidades mais resistentes estão localizadas na região posterior do osso, onde também estão localizados os prolongamentos ósseos, responsáveis pela sustentação e equilíbrio mecânico da estrutura. Também avaliamos o fluxo entre a medula óssea e o periósteo ósseo durante o processo de despercolação e o comparamos com o fluxo medido quando a rede é submetida a ataques. Nossos resultados indicam que a remoção aleatória de conexões é mais prejudical às propriedades de transporte desta rede},
	comment  = {ótimo referencial teorico, e ele diferencia os principais tipos de rede complexas, dando um exemplo, e falando uma pesquisa de exemplo para procurar.
	a maneira que ele trata as comunidades como vertices e como redes ao mesmo tempo é interessante},
	school   = {Universidade de São Paulo},
}

@Article{Albert1999,
	author    = {Albert, Réka and Jeong, Hawoong and Barabási, Albert-László},
	title     = {Internet: Diameter of the world-wide web},
	journal   = {nature},
	year      = {1999},
	volume    = {401},
	number    = {6749},
	pages     = {130},
	abstract  = {Despite its increasing role in communication, the World-Wide Web remains uncontrolled: any individual or institution can create a website with any number of documents and links. This unregulated growth leads to a huge and complex web, which becomes a large directed graph whose vertices are documents and whose edges are links (URLs) that point from one document to another. The topology of this graph determines the web's connectivity and consequently how effectively we can locate information on it. But its enormous size (estimated to be at least 8×108 documents1) and the continual changing of documents and links make it impossible to catalogue all the vertices and edges.},
	comment   = {revisao teorica, é sobre o artigo que fala sobre a distancia media etntre quaisquer duas paginas da web, é em média de vinte cliques},
	publisher = {Nature Publishing Group},
}

@Article{,
	author  = {dentifying patterns in combat that are predictive of success in MOBA games},
	title   = {YANG, Pu; HARRISON, Brent E.; ROBERTS, David L},
	comment = {Artigo sensasional, o uso de redes complexas junto com uma IA para detectar vencedores de uma batalha em MOBA},
}

@Article{NascimentoSilva2017,
	author   = {do Nascimento Silva, Victor and Chaimowicz, Luiz},
	title    = {MOBA: a New Arena for Game AI},
	journal  = {arXiv preprint arXiv:1705.10443},
	year     = {2017},
	abstract = {Games have always been popular testbeds for Artificial
	Intelligence (AI). In the last decade, we have seen the rise
	of the Multiple Online Battle Arena (MOBA) games, which are
	the most played games nowadays. In spite of this, there are few
	works that explore MOBA as a testbed for AI Research. In this
	paper we present and discuss the main features and opportunities
	offered by MOBA games to Game AI Research. We describe
	the various challenges faced along the game and also propose a
	discrete model that can be used to better understand and explore
	the game. With this, we aim to encourage the use of MOBA as
	a novel research platform for Game AI.},
	comment  = {referencial teorico para definicoes de MOBA, otimo artigo que fala d3e estratégias que podem ser tomadas para determinadas inteligencias artificiais no MOBA},
}

@InProceedings{Camolesi2004,
	author    = {Camolesi, Almir Rogério and Neto, João José},
	title     = {Modelagem adaptativa de aplicações complexas},
	booktitle = {XXX Conferencia Latino Americana de Informatica (CLEI), Arequipa, Peru},
	year      = {2004},
	abstract  = {Este artigo apresenta a estrutura do modelo ISDL-Adp e de suas ações adaptativas. Tal modelo é fruto da extensão
	do modelo não-adaptativo ISDL aos conceitos de mecanismos adaptativos. Neste trabalho serão apresentadas a
	estrutura básica das funções adaptativas e a sua utilização na modelagem de sistemas distribuídos adaptativos.},
	comment   = { a modelagem é interessante, mas não é feito com redes complexas, nem grafos, dificil precisar.},
}

@InProceedings{Yang2014,
	author    = {Yang, Pu and Harrison, Brent E and Roberts, David L},
	title     = {Identifying patterns in combat that are predictive of success in MOBA games.},
	booktitle = {FDG},
	year      = {2014},
	comment   = {Trabalho sensacional, unico um pouco parecido, porém ele trata os padroes de posicionamento nas batalhas},
}

@InProceedings{CunhaRecuero2004,
	author    = {da Cunha Recuero, Raquel},
	title     = {Teoria das redes e redes sociais na internet: considerações sobre o Orkut, os weblogs e os fotologs},
	booktitle = {XXVII Congresso Brasileiro de Ciências da Comunicaç ao. XXVII INTERCOM},
	year      = {2004},
	abstract  = {O presente artigo discute a teoria das redes e a insuficiência dos modelos de redes
	igualitárias, mundos pequenos e redes sem escalas para dar conta, sozinhos, do problema das
	redes sociais estabelecidas através da comunicação mediada por computador. Para esta
	discussão, apresenta-se exemplos da aplicação direta desses modelos no software Orkut e nos
	sistemas de weblogs e fotologs e discutem-se os problemas observados},
	comment   = {Otima definições para os modelos clássicos de redes},
}

@Book{Lucchesi1979,
	author    = {Lucchesi, Cláudio Leonardo},
	title     = {Introdução à teoria dos grafos},
	year      = {1979},
	publisher = {IMPA},
}

@Book{Cormen2001,
	author        = {Cormen, Thomas H and Leiserson, Charles E and Rivest, Ronald L and Stein, Clifford},
	title         = {Introduction to Algorithms-Secund Edition},
	year          = {2001},
	publisher     = {McGraw-Hill},
	__markedentry = {[Guilherme Magno:]},
}

@Article{Danielewicz2016,
	author        = {Danielewicz, Georgea},
	title         = {Análise de uma métrica alternativa para predição de laços sociais em grafos lei de potência},
	journal       = {?},
	year          = {2016},
	__markedentry = {[Guilherme Magno:6]},
}

@misc{json2,
	author = {JSON},
	editor = {JSON},
	title  = {Introdução ao JSON},
	year   = {1999},
	date   = {2018-05-21},
	url    = {https://www.json.org/},
	urlaccessdate = {14 jun. 2018},
	note  = {},
}
@online{espn,
	author = {ESPN},
	editor = {ESPN},
	title = {Premiação do Mundial de League of Legends ultrapassa US 4 milhões},
	date = {2017-10-19},
	url = {http://www.espn.com.br/noticia/736116_premiacao-do-mundial-de-league-of-legends-ultrapassa-us-4-milhoes},
	OPTurldate = {2018-5-19},
	year = {2017}
}
@article{d3js,
	title={D3. js-data-driven documents (2016)},
	author={Bostock, Mike},
	journal={URL: https://d3js. org},
	year={2016}
}

@book{d3cook,
	title={Data visualization with D3. js cookbook},
	author={Zhu, Nick Qi},
	year={2013},
	publisher={Packt Publishing Ltd}
}

@article{flask,
	title={Welcome—flask (a python microframework)},
	author={Ronacher, Armin},
	journal={URL: http://flask.pocoo.org/(visited on 02/04/2018)},
	pages={38},
	year={2010}
}

@inproceedings{kantarci2013classification,
  title={Classification of complex networks based on topological properties},
  author={Kantarci, Burcu and Labatut, Vincent},
  booktitle={Cloud and Green Computing (CGC), 2013 Third International Conference on},
  pages={297--304},
  year={2013},
  organization={IEEE}
}
@Comment{jabref-meta: databaseType:biblatex;}
